<record><leader>00000cas a22000007i 4500</leader><controlfield tag="001">244126535</controlfield><controlfield tag="006">m     o  d        </controlfield><controlfield tag="007">cr anu||||||||</controlfield><controlfield tag="007">cr cn||||||mdp</controlfield><controlfield tag="007">cr cn||||||mda</controlfield><controlfield tag="008">001206c19199999mauwr n o     0   a0eng  </controlfield><datafield ind1=" " ind2=" " tag="010"><subfield code="a">  2016202361</subfield></datafield><datafield ind1=" " ind2=" " tag="040"><subfield code="a">EYM</subfield><subfield code="b">eng</subfield><subfield code="e">rda</subfield><subfield code="c">EYM</subfield><subfield code="d">OCLCQ</subfield><subfield code="d">BXM</subfield><subfield code="d">OCLCQ</subfield><subfield code="d">OCLCF</subfield><subfield code="d">TEFOD</subfield><subfield code="d">OCL</subfield><subfield code="d">TEFOD</subfield><subfield code="d">OCLCQ</subfield><subfield code="d">DLC</subfield><subfield code="d">OCLCQ</subfield><subfield code="d">OCLCA</subfield></datafield><datafield ind1=" " ind2=" " tag="012"><subfield code="l">1</subfield></datafield><datafield ind1=" " ind2=" " tag="019"><subfield code="a">779547972</subfield></datafield><datafield ind1="0" ind2=" " tag="022"><subfield code="a">2473-6554</subfield><subfield code="2">1</subfield></datafield><datafield ind1=" " ind2=" " tag="037"><subfield code="b">The Heights, 113 McElroy Commons, Chestnut Hill, MA 02467</subfield></datafield><datafield ind1=" " ind2=" " tag="042"><subfield code="a">pcc</subfield><subfield code="a">nsdp</subfield><subfield code="a">dlr</subfield></datafield><datafield ind1=" " ind2=" " tag="043"><subfield code="a">n-us-ma</subfield></datafield><datafield ind1="1" ind2="0" tag="050"><subfield code="a">ISSN RECORD</subfield></datafield><datafield ind1="1" ind2="4" tag="050"><subfield code="a">LH1.B6</subfield><subfield code="b">H44</subfield></datafield><datafield ind1="0" ind2="0" tag="082"><subfield code="a">378</subfield><subfield code="a">070</subfield><subfield code="2">23</subfield></datafield><datafield ind1="0" ind2=" " tag="130"><subfield code="a">Heights (Chestnut Hill, Mass.)</subfield></datafield><datafield ind1=" " ind2="4" tag="222"><subfield code="a">The Heights</subfield><subfield code="b">(Chestnut Hill, Mass. Online)</subfield></datafield><datafield ind1="1" ind2="4" tag="245"><subfield code="a">The Heights.</subfield></datafield><datafield ind1="1" ind2=" " tag="246"><subfield code="a">Heights, Inc</subfield></datafield><datafield ind1=" " ind2="1" tag="264"><subfield code="3">1919-&lt;1969&gt;</subfield><subfield code="a">Boston, Mass. :</subfield><subfield code="b">Boston College,</subfield><subfield code="c">1919-</subfield></datafield><datafield ind1="3" ind2="1" tag="264"><subfield code="3">&lt;1970&gt;-</subfield><subfield code="a">Boston Mass. :</subfield><subfield code="b">The Heights, Inc.</subfield></datafield><datafield ind1=" " ind2=" " tag="310"><subfield code="a">Weekly</subfield></datafield><datafield ind1=" " ind2=" " tag="336"><subfield code="a">text</subfield><subfield code="b">txt</subfield><subfield code="2">rdacontent</subfield></datafield><datafield ind1=" " ind2=" " tag="337"><subfield code="a">computer</subfield><subfield code="b">c</subfield><subfield code="2">rdamedia</subfield></datafield><datafield ind1=" " ind2=" " tag="338"><subfield code="a">online resource</subfield><subfield code="b">cr</subfield><subfield code="2">rdacarrier</subfield></datafield><datafield ind1="1" ind2=" " tag="362"><subfield code="a">Print published: vol. 1 (Nov. 19, 1919)-</subfield></datafield><datafield ind1=" " ind2=" " tag="500"><subfield code="a">"Independent student weekly of Boston College."</subfield></datafield><datafield ind1=" " ind2=" " tag="506"><subfield code="a">Use copy</subfield><subfield code="f">No restrictions on use</subfield><subfield code="2">star</subfield><subfield code="5">MChB</subfield></datafield><datafield ind1=" " ind2=" " tag="533"><subfield code="a">Electronic reproduction.</subfield><subfield code="m">1919-2014</subfield><subfield code="b">Chestnut Hill, Mass. :</subfield><subfield code="c">Boston College,</subfield><subfield code="d">2014</subfield><subfield code="5">MChB</subfield></datafield><datafield ind1=" " ind2=" " tag="538"><subfield code="a">Master and use copy. Digital master created according to Benchmark for Faithful Digital Reproductions of Monographs and Serials, Version 1. Digital Library Federation, December 2002.</subfield><subfield code="u">http://purl.oclc.org/DLF/benchrepro0212</subfield><subfield code="5">MChB</subfield></datafield><datafield ind1="1" ind2=" " tag="583"><subfield code="a">Digitized</subfield><subfield code="c">1919-2010</subfield><subfield code="c">2011-2012</subfield><subfield code="h">Boston College University Library</subfield><subfield code="l">committed to preserve</subfield><subfield code="2">pda</subfield><subfield code="5">MChB</subfield></datafield><datafield ind1="1" ind2=" " tag="583"><subfield code="h">Boston College University Library</subfield><subfield code="l">committed to preserve</subfield><subfield code="2">pda</subfield><subfield code="5">MChB</subfield></datafield><datafield ind1=" " ind2=" " tag="588"><subfield code="a">Description based on: Vol. 1, no. 1 (November 19, 1919); title from PDF caption (Boston College website, viewed on July 29, 2016).</subfield></datafield><datafield ind1=" " ind2=" " tag="588"><subfield code="a">Latest issue consulted: Vol. XCVI, no. 24 (April 30, 2015) (viewed on July 29, 2016).</subfield></datafield><datafield ind1="2" ind2="0" tag="610"><subfield code="a">Boston College</subfield><subfield code="v">Newspapers.</subfield></datafield><datafield ind1=" " ind2="0" tag="650"><subfield code="a">College students</subfield><subfield code="z">Massachusetts</subfield><subfield code="z">Boston</subfield><subfield code="v">Newspapers.</subfield></datafield><datafield ind1=" " ind2="0" tag="650"><subfield code="a">College student newspapers and periodicals</subfield><subfield code="z">Massachusetts</subfield><subfield code="z">Boston.</subfield></datafield><datafield ind1="2" ind2="7" tag="610"><subfield code="a">Boston College.</subfield><subfield code="2">fast</subfield><subfield code="0">(OCoLC)fst00540787</subfield></datafield><datafield ind1=" " ind2="7" tag="650"><subfield code="a">College student newspapers and periodicals.</subfield><subfield code="2">fast</subfield><subfield code="0">(OCoLC)fst00867966</subfield></datafield><datafield ind1=" " ind2="7" tag="650"><subfield code="a">College students.</subfield><subfield code="2">fast</subfield><subfield code="0">(OCoLC)fst00867976</subfield></datafield><datafield ind1=" " ind2="7" tag="651"><subfield code="a">Massachusetts</subfield><subfield code="z">Boston.</subfield><subfield code="2">fast</subfield><subfield code="0">(OCoLC)fst01205012</subfield></datafield><datafield ind1=" " ind2="4" tag="655"><subfield code="a">Electronic journals.</subfield></datafield><datafield ind1=" " ind2="7" tag="655"><subfield code="a">Newspapers.</subfield><subfield code="2">fast</subfield><subfield code="0">(OCoLC)fst01423814</subfield></datafield><datafield ind1="2" ind2=" " tag="710"><subfield code="a">Boston College.</subfield></datafield><datafield ind1="0" ind2="8" tag="776"><subfield code="i">Print version:</subfield><subfield code="t">Heights (Chestnut Hill, Mass.)</subfield><subfield code="x">0017-9590</subfield><subfield code="w">(DLC)  2016202440</subfield><subfield code="w">(OCoLC)56998119</subfield></datafield><datafield ind1="0" ind2="8" tag="776"><subfield code="i">Reproduction of (manifestation):</subfield><subfield code="t">Heights</subfield><subfield code="h">microfilm reels ; 35 mm</subfield><subfield code="w">(OCoLC)32365467</subfield></datafield><datafield ind1="4" ind2="0" tag="856"><subfield code="3">OverDrive</subfield><subfield code="u">https://www.overdrive.com/search?q=DAC170D8-87DE-4A9D-BC38-13846BE01FEF</subfield></datafield><datafield ind1="4" ind2="0" tag="856"><subfield code="u">http://hdl.handle.net/2345/2473-6554</subfield></datafield><datafield ind1="4" ind2="0" tag="856"><subfield code="z">Text of articles via LexisNexis Academic (access restricted; authentication may be required):</subfield><subfield code="u">http://web.lexis-nexis.com/universe/</subfield></datafield><datafield ind1="4" ind2=" " tag="856"><subfield code="3">Image</subfield><subfield code="u">http://images.cdn.overdrive.com/ImageType-100/6048-1/{DAC170D8-87DE-4A9D-BC38-13846BE01FEF}Img100.jpg</subfield></datafield></record>